@article{magnard2018fast,
	title={Fast and unconditional all-microwave reset of a superconducting qubit},
	author={Magnard, Paul and Kurpiers, Philipp and Royer, Baptiste and Walter, Theo and Besse, J-C and Gasparinetti, Simone and Pechal, Marek and Heinsoo, Johannes and Storz, Simon and Blais, Alexandre and others},
	journal={Physical review letters},
	volume={121},
	number={6},
	pages={060502},
	year={2018},
	publisher={APS}
}
@article{zhou2021rapid,
	title={Rapid and unconditional parametric reset protocol for tunable superconducting qubits},
	author={Zhou, Yu and Zhang, Zhenxing and Yin, Zelong and Huai, Sainan and Gu, Xiu and Xu, Xiong and Allcock, Jonathan and Liu, Fuming and Xi, Guanglei and Yu, Qiaonian and others},
	journal={Nature Communications},
	volume={12},
	number={1},
	pages={5924},
	year={2021},
	publisher={Nature Publishing Group UK London}
}
@article{benioff1980computer,
	title={The computer as a physical system: A microscopic quantum mechanical Hamiltonian model of computers as represented by Turing machines},
	author={Benioff, Paul},
	journal={Journal of Statistical Physics},
	volume={22},
	number={5},
	pages={563--591},
	year={1980},
	publisher={Springer}
}
@incollection{feynman2018simulating,
	title={Simulating physics with computers},
	author={Feynman, Richard P},
	booktitle={Feynman and Computation},
	pages={133--153},
	year={2018},
	publisher={CRC Press}
}
@article{deutsch1985quantum,
	title={Quantum theory, the Church--Turing principle and the universal quantum computer},
	author={Deutsch, David},
	journal={Proceedings of the Royal Society of London. A. Mathematical and Physical Sciences},
	volume={400},
	number={1818},
	pages={97--117},
	year={1985},
	publisher={The Royal Society London}
}
@inproceedings{shor1994algorithms,
	title={Algorithms for quantum computation: discrete logarithms and factoring},
	author={Shor, Peter W},
	booktitle={Proceedings 35th Annual Symposium on Foundations of Computer Science},
	pages={124--134},
	year={1994},
	organization={IEEE}
}
@inproceedings{grover1996fast,
	title={A fast quantum mechanical algorithm for database search},
	author={Grover, Lov K},
	booktitle={Proceedings of the Twenty-eighth Annual ACM Symposium on Theory of Computing},
	pages={212--219},
	year={1996}
}
@article{divincenzo2000physical,
	title={The physical implementation of quantum computation},
	author={DiVincenzo, David P},
	journal={Fortschritte der Physik: Progress of Physics},
	volume={48},
	number={9-11},
	pages={771--783},
	year={2000},
	publisher={Wiley Online Library}
}
@article{havlivcek2019supervised,
	title={Supervised learning with quantum-enhanced feature spaces},
	author={Havl{\'\i}{\v{c}}ek, Vojt{\v{e}}ch and C{\'o}rcoles, Antonio D and Temme, Kristan and Harrow, Aram W and Kandala, Abhinav and Chow, Jerry M and Gambetta, Jay M},
	journal={Nature},
	volume={567},
	number={7747},
	pages={209--212},
	year={2019},
	publisher={Nature Publishing Group}
}
@article{google2020hartree,
	title={Hartree-Fock on a superconducting qubit quantum computer},
	author={Google AI Quantum and Collaborators*† and Arute, Frank and Arya, Kunal and Babbush, Ryan and Bacon, Dave and Bardin, Joseph C and Barends, Rami and Boixo, Sergio and Broughton, Michael and Buckley, Bob B and others},
	journal={Science},
	volume={369},
	number={6507},
	pages={1084--1089},
	year={2020},
	publisher={American Association for the Advancement of Science}
}
@article{arute2019quantum,
	title={Quantum supremacy using a programmable superconducting processor},
	author={Arute, Frank and Arya, Kunal and Babbush, Ryan and Bacon, Dave and Bardin, Joseph C and Barends, Rami and Biswas, Rupak and Boixo, Sergio and Brandao, Fernando GSL and Buell, David A and others},
	journal={Nature},
	volume={574},
	number={7779},
	pages={505--510},
	year={2019},
	publisher={Nature Publishing Group}
}
@article{erhard2019characterizing,
	title={Characterizing large-scale quantum computers via cycle benchmarking},
	author={Erhard, Alexander and Wallman, Joel J and Postler, Lukas and Meth, Michael and Stricker, Roman and Martinez, Esteban A and Schindler, Philipp and Monz, Thomas and Emerson, Joseph and Blatt, Rainer},
	journal={Nature Communications},
	volume={10},
	number={1},
	pages={1--7},
	year={2019},
	publisher={Nature Publishing Group}
}
@article{zhang2017observation,
	title={Observation of a many-body dynamical phase transition with a 53-qubit quantum simulator},
	author={Zhang, Jiehang and Pagano, Guido and Hess, Paul W and Kyprianidis, Antonis and Becker, Patrick and Kaplan, Harvey and Gorshkov, Alexey V and Gong, Z-X and Monroe, Christopher},
	journal={Nature},
	volume={551},
	number={7682},
	pages={601--604},
	year={2017},
	publisher={Nature Publishing Group}
}
@article{zhong2020quantum,
	title={Quantum computational advantage using photons},
	author={Zhong, Han-Sen and Wang, Hui and Deng, Yu-Hao and Chen, Ming-Cheng and Peng, Li-Chao and Luo, Yi-Han and Qin, Jian and Wu, Dian and Ding, Xing and Hu, Yi and others},
	journal={Science},
	volume={370},
	number={6523},
	pages={1460--1463},
	year={2020},
	publisher={American Association for the Advancement of Science}
}
@article{zhong2021phase,
	title={Phase-programmable gaussian boson sampling using stimulated squeezed light},
	author={Zhong, Han-Sen and Deng, Yu-Hao and Qin, Jian and Wang, Hui and Chen, Ming-Cheng and Peng, Li-Chao and Luo, Yi-Han and Wu, Dian and Gong, Si-Qiu and Su, Hao and others},
	journal={Physical Review Letters},
	volume={127},
	number={18},
	pages={180502},
	year={2021},
	publisher={APS}
}
@article{semeghini2021probing,
	title={Probing topological spin liquids on a programmable quantum simulator},
	author={Semeghini, Giulia and Levine, Harry and Keesling, Alexander and Ebadi, Sepehr and Wang, Tout T and Bluvstein, Dolev and Verresen, Ruben and Pichler, Hannes and Kalinowski, Marcin and Samajdar, Rhine and others},
	journal={Science},
	volume={374},
	number={6572},
	pages={1242--1247},
	year={2021},
	publisher={American Association for the Advancement of Science}
}
@article{bernien2017probing,
	title={Probing many-body dynamics on a 51-atom quantum simulator},
	author={Bernien, Hannes and Schwartz, Sylvain and Keesling, Alexander and Levine, Harry and Omran, Ahmed and Pichler, Hannes and Choi, Soonwon and Zibrov, Alexander S and Endres, Manuel and Greiner, Markus and others},
	journal={Nature},
	volume={551},
	number={7682},
	pages={579--584},
	year={2017},
	publisher={Nature Publishing Group}
}
@article{devoret1985measurements,
	title={Measurements of macroscopic quantum tunneling out of the zero-voltage state of a current-biased Josephson junction},
	author={Devoret, Michel H and Martinis, John M and Clarke, John},
	journal={Physical Review Letters},
	volume={55},
	number={18},
	pages={1908},
	year={1985},
	publisher={APS}
}
@article{bouchiat1998quantum,
	title={Quantum coherence with a single Cooper pair},
	author={Bouchiat, Vincent and Vion, D and Joyez, Ph and Esteve, D and Devoret, MH},
	journal={Physica Scripta},
	volume={1998},
	number={T76},
	pages={165},
	year={1998},
	publisher={IOP Publishing}
}
@article{nakamura1999coherent,
	title={Coherent control of macroscopic quantum states in a single-Cooper-pair box},
	author={Nakamura, Yasunobu and Pashkin, Yu A and Tsai, JS},
	journal={Nature},
	volume={398},
	number={6730},
	pages={786--788},
	year={1999},
	publisher={Nature Publishing Group}
}
@article{vion2002manipulating,
	title={Manipulating the quantum state of an electrical circuit},
	author={Vion, Denis and Aassime, A and Cottet, Audrey and Joyez, Pl and Pothier, H and Urbina, C and Esteve, Daniel and Devoret, Michel H},
	journal={Science},
	volume={296},
	number={5569},
	pages={886--889},
	year={2002},
	publisher={American Association for the Advancement of Science}
}
@article{chiorescu2003coherent,
	title={Coherent quantum dynamics of a superconducting flux qubit},
	author={Chiorescu, Irinel and Nakamura, Y and Harmans, CJP Ma and Mooij, JE},
	journal={Science},
	volume={299},
	number={5614},
	pages={1869--1871},
	year={2003},
	publisher={American Association for the Advancement of Science}
}
@article{simmonds2004decoherence,
	title={Decoherence in Josephson phase qubits from junction resonators},
	author={Simmonds, Raymond W and Lang, KM and Hite, Dustin A and Nam, S and Pappas, David P and Martinis, John M},
	journal={Physical Review Letters},
	volume={93},
	number={7},
	pages={077003},
	year={2004},
	publisher={APS}
}
@article{koch2007charge,
	title={Charge-insensitive qubit design derived from the Cooper pair box},
	author={Koch, Jens and Terri, M Yu and Gambetta, Jay and Houck, Andrew A and Schuster, David Isaac and Majer, Johannes and Blais, Alexandre and Devoret, Michel H and Girvin, Steven M and Schoelkopf, Robert J},
	journal={Physical Review A},
	volume={76},
	number={4},
	pages={042319},
	year={2007},
	publisher={APS}
}
@article{wu2021strong,
	title={Strong quantum computational advantage using a superconducting quantum processor},
	author={Wu, Yulin and Bao, Wan-Su and Cao, Sirui and Chen, Fusheng and Chen, Ming-Cheng and Chen, Xiawei and Chung, Tung-Hsun and Deng, Hui and Du, Yajie and Fan, Daojin and others},
	journal={Physical Review Letters},
	volume={127},
	number={18},
	pages={180501},
	year={2021},
	publisher={APS}
}
@article{place2021new,
	title={New material platform for superconducting transmon qubits with coherence times exceeding 0.3 milliseconds},
	author={Place, Alexander PM and Rodgers, Lila VH and Mundada, Pranav and Smitham, Basil M and Fitzpatrick, Mattias and Leng, Zhaoqi and Premkumar, Anjali and Bryon, Jacob and Vrajitoarea, Andrei and Sussman, Sara and others},
	journal={Nature Communications},
	volume={12},
	number={1},
	pages={1--6},
	year={2021},
	publisher={Nature Publishing Group}
}
@article{deutsch1992rapid,
	title={Rapid solution of problems by quantum computation},
	author={David, Deutschand Richard, Jozsa },
	journal={Proceedings of the Royal Society of London. Series A: Mathematical and Physical Sciences},
	volume={439},
	number={1907},
	pages={553--558},
	year={1992},
	publisher={The Royal Society London}
}

@inproceedings{yao1993quantum,
	title={Quantum circuit complexity},
	author={Yao, A Chi-Chih},
	booktitle={Proceedings of 1993 IEEE 34th Annual Foundations of Computer Science},
	pages={352--361},
	year={1993},
	organization={IEEE}
}
@article{bernstein1997quantum,
	title={Quantum complexity theory},
	author={Ethan, Bernstein and Umesh, Vazirani},
	journal={SIAM Journal on Computing},
	volume={26},
	number={5},
	pages={1411--1473},
	year={1997},
	publisher={SIAM}
}
@article{张焕国2016量子计算复杂性理论综述,
	title={量子计算复杂性理论综述},
	author={张焕国 and 毛少武 and 吴万青 and 吴朔媚 and 刘金会 and 王后珍 and 贾建卫},
	journal={计算机学报},
	volume={39},
	number={12},
	pages={2403--2428},
	year={2016}
}
@article{harrow2009quantum,
	title={Quantum algorithm for linear systems of equations},
	author={Harrow, Aram W and Hassidim, Avinatan and Lloyd, Seth},
	journal={Physical Review Letters},
	volume={103},
	number={15},
	pages={150502},
	year={2009},
	publisher={APS}
}
@article{rebentrost2014quantum,
	title={Quantum support vector machine for big data classification},
	author={Rebentrost, Patrick and Mohseni, Masoud and Lloyd, Seth},
	journal={Physical Review Letters},
	volume={113},
	number={13},
	pages={130503},
	year={2014},
	publisher={APS}
}
@article{lloyd2014quantum,
	title={Quantum principal component analysis},
	author={Lloyd, Seth and Mohseni, Masoud and Rebentrost, Patrick},
	journal={Nature Physics},
	volume={10},
	number={9},
	pages={631--633},
	year={2014},
	publisher={Nature Publishing Group}
}
@misc{mallek2021fabrication,
	title={Fabrication of superconducting through-silicon vias},
	author={Mallek, Justin L and Yost, Donna-Ruth W and Rosenberg, Danna and Yoder, Jonilyn L and Calusine, Gregory and Cook, Matt and Das, Rabindra and Day, Alexandra and Golden, Evan and Kim, David K and others},
	Eprint={arXiv:2103.08536},
	year={2021}
}
@misc{ren2022experimental,
	title={Experimental quantum adversarial learning with programmable superconducting qubits},
	author={Ren, Wenhui and Li, Weikang and Xu, Shibo and Wang, Ke and Jiang, Wenjie and Jin, Feitong and Zhu, Xuhao and Chen, Jiachen and Song, Zixuan and Zhang, Pengfei and others},
	Eprint={arXiv:2204.01738},
	year={2022}
}
@misc{wang2021transmon,
	Author = {Chenlu Wang and Xuegang Li and Huikai Xu and Zhiyuan Li and Junhua Wang and Zhen Yang and Zhenyu Mi and Xuehui Liang and Tang Su and Chuhong Yang and Guangyue Wang and Wenyan Wang and Yongchao Li and Mo Chen and Chengyao Li and Kehuan Linghu and Jiaxiu Han and Yingshan Zhang and Yulong Feng and Yu Song and Teng Ma and Jingning Zhang and Ruixia Wang and Peng Zhao and Weiyang Liu and Guangming Xue and Yirong Jin and Haifeng Yu},
	Title = {Transmon qubit with relaxation time exceeding 0.5 milliseconds},
	Year = {2021},
	Eprint = {arXiv:2105.09890},
}
@misc{somoroff2021millisecond,
	title={Millisecond coherence in a superconducting qubit},
	author={Somoroff, Aaron and Ficheux, Quentin and Mencia, Raymond A and Xiong, Haonan and Kuzmin, Roman V and Manucharyan, Vladimir E},
	Eprint={arXiv:2103.08578},
	year={2021}
}
@misc{rosenberg20193d,
	title={3D integration and packaging for solid-state qubits},
	author={Rosenberg, D and Weber, S and Conway, D and Yost, D and Mallek, J and Calusine, G and Das, R and Kim, D and Schwartz, M and Woods, W and others},
	Eprint={arXiv:1906.11146},
	year={2019}
}
@misc{vahidpour2017superconducting,
	title={Superconducting through-silicon vias for quantum integrated circuits},
	author={Vahidpour, Mehrnoosh and O'Brien, William and Whyland, Jon Tyler and Angeles, Joel and Marshall, Jayss and Scarabelli, Diego and Crossman, Genya and Yadav, Kamal and Mohan, Yuvraj and Bui, Catvu and others},
	Eprint={arXiv:1708.02226},
	year={2017}
}

@article{braumuller2022probing,
	title={Probing quantum information propagation with out-of-time-ordered correlators},
	author={Braum{\"u}ller, Jochen and Karamlou, Amir H and Yanay, Yariv and Kannan, Bharath and Kim, David and Kjaergaard, Morten and Melville, Alexander and Niedzielski, Bethany M and Sung, Youngkyu and Veps{\"a}l{\"a}inen, Antti and others},
	journal={Nature Physics},
	volume={18},
	number={2},
	pages={172--178},
	year={2022},
	publisher={Nature Publishing Group}
}
@article{jurcevic2021demonstration,
	title={Demonstration of quantum volume 64 on a superconducting quantum computing system},
	author={Jurcevic, Petar and Javadi-Abhari, Ali and Bishop, Lev S and Lauer, Isaac and Bogorin, Daniela F and Brink, Markus and Capelluto, Lauren and G{\"u}nl{\"u}k, Oktay and Itoko, Toshinari and Kanazawa, Naoki and others},
	journal={Quantum Science and Technology},
	volume={6},
	number={2},
	pages={025020},
	year={2021},
	publisher={IOP Publishing}
}
@article{zhu2022quantum,
	title={Quantum computational advantage via 60-qubit 24-cycle random circuit sampling},
	author={Zhu, Qingling and Cao, Sirui and Chen, Fusheng and Chen, Ming-Cheng and Chen, Xiawei and Chung, Tung-Hsun and Deng, Hui and Du, Yajie and Fan, Daojin and Gong, Ming and others},
	journal={Science Bulletin},
	volume={67},
	number={3},
	pages={240--245},
	year={2022},
	publisher={Elsevier}
}

@misc{krinner2021realizing,
	Author = {Sebastian Krinner and Nathan Lacroix and Ants Remm and Agustin Di Paolo and Elie Genois and Catherine Leroux and Christoph Hellings and Stefania Lazar and Francois Swiadek and Johannes Herrmann and Graham J. Norris and Christian Kraglund Andersen and Markus Müller and Alexandre Blais and Christopher Eichler and Andreas Wallraff},
	Title = {Realizing Repeated Quantum Error Correction in a Distance-Three Surface Code},
	Year = {2021},
	Eprint = {arXiv:2112.03708},
}
@article{guo2021stark,
	title={Stark many-body localization on a superconducting quantum processor},
	author={Guo, Qiujiang and Cheng, Chen and Li, Hekang and Xu, Shibo and Zhang, Pengfei and Wang, Zhen and Song, Chao and Liu, Wuxin and Ren, Wenhui and Dong, Hang and others},
	journal={Physical Review Letters},
	volume={127},
	number={24},
	pages={240502},
	year={2021},
	publisher={APS}
}
@article{li2019realisation,
	title={Realisation of high-fidelity nonadiabatic CZ gates with superconducting qubits},
	author={Li, Shaowei and Castellano, Anthony D and Wang, Shiyu and Wu, Yulin and Gong, Ming and Yan, Zhiguang and Rong, Hao and Deng, Hui and Zha, Chen and Guo, Cheng and others},
	journal={npj Quantum Information},
	volume={5},
	number={1},
	pages={1--7},
	year={2019},
	publisher={Nature Publishing Group}
}
@article{yan2019strongly,
	title={Strongly correlated quantum walks with a 12-qubit superconducting processor},
	author={Yan, Zhiguang and Zhang, Yu-Ran and Gong, Ming and Wu, Yulin and Zheng, Yarui and Li, Shaowei and Wang, Can and Liang, Futian and Lin, Jin and Xu, Yu and others},
	journal={Science},
	volume={364},
	number={6442},
	pages={753--756},
	year={2019},
	publisher={American Association for the Advancement of Science}
}
@article{ye2019propagation,
	title={Propagation and localization of collective excitations on a 24-qubit superconducting processor},
	author={Ye, Yangsen and Ge, Zi-Yong and Wu, Yulin and Wang, Shiyu and Gong, Ming and Zhang, Yu-Ran and Zhu, Qingling and Yang, Rui and Li, Shaowei and Liang, Futian and others},
	journal={Physical Review Letters},
	volume={123},
	number={5},
	pages={050502},
	year={2019},
	publisher={APS}
}
@misc{IBMQuantum2022,
	title={IBM Quantum breaks the 100-qubit processor barrier},
	author={Chow, Jerry and Dial, Oliver and Gambetta, Jay},
	year={2021}
}


@article{kelly2015state,
	title={State preservation by repetitive error detection in a superconducting quantum circuit},
	author={Kelly, Julian and Barends, Rami and Fowler, Austin G and Megrant, Anthony and Jeffrey, Evan and White, Theodore C and Sank, Daniel and Mutus, Josh Y and Campbell, Brooks and Chen, Yu and others},
	journal={Nature},
	volume={519},
	number={7541},
	pages={66--69},
	year={2015},
	publisher={Nature Publishing Group}
}
@article{walter2017rapid,
	title={Rapid high-fidelity single-shot dispersive readout of superconducting qubits},
	author={Walter, Theodore and Kurpiers, Philipp and Gasparinetti, Simone and Magnard, Paul and Poto{\v{c}}nik, Anton and Salath{\'e}, Yves and Pechal, Marek and Mondal, Mintu and Oppliger, Markus and Eichler, Christopher and others},
	journal={Physical Review Applied},
	volume={7},
	number={5},
	pages={054020},
	year={2017},
	publisher={APS}
}
@misc{sunada2022fast,
	Author = {Yoshiki Sunada and Shingo Kono and Jesper Ilves and Shuhei Tamate and Takanori Sugiyama and Yutaka Tabuchi and Yasunobu Nakamura},
	Title = {Fast readout and reset of a superconducting qubit coupled to a resonator with an intrinsic Purcell filter},
	Year = {2022},
	Eprint = {arXiv:2202.06202},
}
@article{guo2021verifying,
	title={Verifying random quantum circuits with arbitrary geometry using tensor network states algorithm},
	author={Guo, Chu and Zhao, Youwei and Huang, He-Liang},
	journal={Physical Review Letters},
	volume={126},
	number={7},
	pages={070502},
	year={2021},
	publisher={APS}
}
@misc{nielsen2002quantum,
	title={Quantum computation and quantum information},
	author={Nielsen, Michael A and Chuang, Isaac},
	year={2002},
	publisher={American Association of Physics Teachers}
}
@article{preskill2018quantum,
	title={Quantum computing in the NISQ era and beyond},
	author={Preskill, John},
	journal={Quantum},
	volume={2},
	pages={79},
	year={2018},
	publisher={Verein zur F{\"o}rderung des Open Access Publizierens in den Quantenwissenschaften}
}
@article{Wang2021,
	title={中国科学家实现 “量子计算优越性” 里程碑式突破},
	author={王晋岚},
	journal={科学},
	year={2021}
}
@article{paraoanu2014recent,
	title={Recent progress in quantum simulation using superconducting circuits},
	author={Paraoanu, Gheorghe-Sorin},
	journal={Journal of Low Temperature Physics},
	volume={175},
	number={5},
	pages={633--654},
	year={2014},
	publisher={Springer}
}
@article{georgescu2014quantum,
	title={Quantum simulation},
	author={Georgescu, Iulia M and Ashhab, Sahel and Nori, Franco},
	journal={Reviews of Modern Physics},
	volume={86},
	number={1},
	pages={153},
	year={2014},
	publisher={APS}
}
@article{buluta2009quantum,
	title={Quantum simulators},
	author={Buluta, Iulia and Nori, Franco},
	journal={Science},
	volume={326},
	number={5949},
	pages={108--111},
	year={2009},
	publisher={American Association for the Advancement of Science}
}
@article{kjaergaard2020superconducting,
	title={Superconducting qubits: Current state of play},
	author={Kjaergaard, Morten and Schwartz, Mollie E and Braum{\"u}ller, Jochen and Krantz, Philip and Wang, Joel I-J and Gustavsson, Simon and Oliver, William D},
	journal={Annual Review of Condensed Matter Physics},
	volume={11},
	pages={369--395},
	year={2020},
	publisher={Annual Reviews}
}
@article{sondhi1997continuous,
	title={Continuous quantum phase transitions},
	author={Sondhi, Shivaji Lal and Girvin, SM and Carini, JP and Shahar, Dan},
	journal={Reviews of Modern Physics},
	volume={69},
	number={1},
	pages={315},
	year={1997},
	publisher={APS}
}
@article{britton2012engineered,
	title={Engineered two-dimensional Ising interactions in a trapped-ion quantum simulator with hundreds of spins},
	author={Britton, Joseph W and Sawyer, Brian C and Keith, Adam C and Wang, C-C Joseph and Freericks, James K and Uys, Hermann and Biercuk, Michael J and Bollinger, John J},
	journal={Nature},
	volume={484},
	number={7395},
	pages={489--492},
	year={2012},
	publisher={Nature Publishing Group}
}
@article{lloyd1996universal,
	title={Universal quantum simulators},
	author={Lloyd, Seth},
	journal={Science},
	volume={273},
	number={5278},
	pages={1073--1078},
	year={1996},
	publisher={American Association for the Advancement of Science}
}
@article{boixo2018characterizing,
	title={Characterizing quantum supremacy in near-term devices},
	author={Boixo, Sergio and Isakov, Sergei V and Smelyanskiy, Vadim N and Babbush, Ryan and Ding, Nan and Jiang, Zhang and Bremner, Michael J and Martinis, John M and Neven, Hartmut},
	journal={Nature Physics},
	volume={14},
	number={6},
	pages={595--600},
	year={2018},
	publisher={Nature Publishing Group}
}
@article{houck2012chip,
	title={On-chip quantum simulation with superconducting circuits},
	author={Houck, Andrew A and T{\"u}reci, Hakan E and Koch, Jens},
	journal={Nature Physics},
	volume={8},
	number={4},
	pages={292--299},
	year={2012},
	publisher={Nature Publishing Group}
}
@article{gong2019genuine,
	title={Genuine 12-qubit entanglement on a superconducting quantum processor},
	author={Gong, Ming and Chen, Ming-Cheng and Zheng, Yarui and Wang, Shiyu and Zha, Chen and Deng, Hui and Yan, Zhiguang and Rong, Hao and Wu, Yulin and Li, Shaowei and others},
	journal={Physical Review Letters},
	volume={122},
	number={11},
	pages={110501},
	year={2019},
	publisher={APS}
}
@article{chen2014qubit,
	title={Qubit architecture with high coherence and fast tunable coupling},
	author={Chen, Yu and Neill, C and Roushan, Pedram and Leung, Nelson and Fang, Michael and Barends, Rami and Kelly, Julian and Campbell, Brooks and Chen, Z and Chiaro, Benjamin and others},
	journal={Physical Review Letters},
	volume={113},
	number={22},
	pages={220502},
	year={2014},
	publisher={APS}
}
@article{suzuki1990fractal,
	title={Fractal decomposition of exponential operators with applications to many-body theories and Monte Carlo simulations},
	author={Suzuki, Masuo},
	journal={Physics Letters A},
	volume={146},
	number={6},
	pages={319--323},
	year={1990},
	publisher={Elsevier}
}
@article{mi2021observation,
	title={Time-crystalline eigenstate order on a quantum processor},
	author={Mi, Xiao and Ippoliti, Matteo and Quintana, Chris and Greene, Ami and Chen, Zijun and Gross, Jonathan and Arute, Frank and Arya, Kunal and Atalaya, Juan and Babbush, Ryan and others},
	journal={Nature},
	volume={601},
	number={7894},
	pages={531--536},
	year={2022},
	publisher={Nature Publishing Group}
}
@misc{arute2020observation,
	Author = {Frank Arute and Kunal Arya and Ryan Babbush and Dave Bacon and others},
	Title = {Observation of separated dynamics of charge and spin in the Fermi-Hubbard model},
	Year = {2020},
	Eprint = {arXiv:2010.07965},
}
@article{zha2020ergodic,
	title={Ergodic-localized junctions in a periodically driven spin chain},
	author={Zha, Chen and Bastidas, VM and Gong, Ming and Wu, Yulin and Rong, Hao and Yang, Rui and Ye, Yangsen and Li, Shaowei and Zhu, Qingling and Wang, Shiyu and others},
	journal={Physical Review Letters},
	volume={125},
	number={17},
	pages={170503},
	year={2020},
	publisher={APS}
}
@article{gong2021quantum,
	title={Quantum walks on a programmable two-dimensional 62-qubit superconducting processor},
	author={Gong, Ming and Wang, Shiyu and Zha, Chen and Chen, Ming-Cheng and Huang, He-Liang and Wu, Yulin and Zhu, Qingling and Zhao, Youwei and Li, Shaowei and Guo, Shaojun and others},
	journal={Science},
	volume={372},
	number={6545},
	pages={948--952},
	year={2021},
	publisher={American Association for the Advancement of Science}
}
@article{chen2021observation,
	title={Observation of strong and weak thermalization in a superconducting quantum processor},
	author={Chen, Fusheng and Sun, Zheng-Hang and Gong, Ming and Zhu, Qingling and Zhang, Yu-Ran and Wu, Yulin and Ye, Yangsen and Zha, Chen and Li, Shaowei and Guo, Shaojun and others},
	journal={Physical Review Letters},
	volume={127},
	number={2},
	pages={020602},
	year={2021},
	publisher={APS}
}
@article{sieberer2019digital,
	title={Digital quantum simulation, Trotter errors, and quantum chaos of the kicked top},
	author={Sieberer, Lukas M and Olsacher, Tobias and Elben, Andreas and Heyl, Markus and Hauke, Philipp and Haake, Fritz and Zoller, Peter},
	journal={npj Quantum Information},
	volume={5},
	number={1},
	pages={1--11},
	year={2019},
	publisher={Nature Publishing Group}
}
@article{barends2016digitized,
	title={Digitized adiabatic quantum computing with a superconducting circuit},
	author={Barends, Rami and Shabani, Alireza and Lamata, Lucas and Kelly, Julian and Mezzacapo, Antonio and Heras, U Las and Babbush, Ryan and Fowler, Austin G and Campbell, Brooks and Chen, Yu and others},
	journal={Nature},
	volume={534},
	number={7606},
	pages={222--226},
	year={2016},
	publisher={Nature Publishing Group}
}
@article{roushan2017spectroscopic,
	title={Spectroscopic signatures of localization with interacting photons in superconducting qubits},
	author={Roushan, Pedram and Neill, Charles and Tangpanitanon, J and Bastidas, Victor M and Megrant, A and Barends, Rami and Chen, Yu and Chen, Z and Chiaro, B and Dunsworth, A and others},
	journal={Science},
	volume={358},
	number={6367},
	pages={1175--1179},
	year={2017},
	publisher={American Association for the Advancement of Science}
}
@article{roushan2017chiral,
	title={Chiral ground-state currents of interacting photons in a synthetic magnetic field},
	author={Roushan, Pedram and Neill, Charles and Megrant, Anthony and Chen, Yu and Babbush, Ryan and Barends, Rami and Campbell, Brooks and Chen, Zijun and Chiaro, Ben and Dunsworth, Andrew and others},
	journal={Nature Physics},
	volume={13},
	number={2},
	pages={146--151},
	year={2017},
	publisher={Nature Publishing Group}
}
@article{gong2021experimental,
	title={Experimental characterization of the quantum many-body localization transition},
	author={Gong, Ming and de Moraes Neto, Gentil D and Zha, Chen and Wu, Yulin and Rong, Hao and Ye, Yangsen and Li, Shaowei and Zhu, Qingling and Wang, Shiyu and Zhao, Youwei and others},
	journal={Physical Review Research},
	volume={3},
	number={3},
	pages={033043},
	year={2021},
	publisher={APS}
}
@article{forn2017ultrastrong,
	title={Ultrastrong coupling of a single artificial atom to an electromagnetic continuum in the nonperturbative regime},
	author={Forn-D{\'\i}az, P and Garc{\'\i}a-Ripoll, J Jos{\'e} and Peropadre, Borja and Orgiazzi, J-L and Yurtalan, MA and Belyansky, R and Wilson, Christopher M and Lupascu, A},
	journal={Nature Physics},
	volume={13},
	number={1},
	pages={39--43},
	year={2017},
	publisher={Nature Publishing Group}
}
@article{lamata2018digital,
	title={Digital-analog quantum simulations with superconducting circuits},
	author={Lamata, Lucas and Parra-Rodriguez, Adrian and Sanz, Mikel and Solano, Enrique},
	journal={Advances in Physics: X},
	volume={3},
	number={1},
	pages={1457981},
	year={2018},
	publisher={Taylor \& Francis}
}
@article{mezzacapo2014digital,
	title={Digital quantum rabi and dicke models in superconducting circuits Sci},
	author={Mezzacapo, A and Las Heras, U and Pedernales, JS and DiCarlo, L and Solano, E and Lamata, L},
	journal={Rep},
	volume={4},
	pages={7482},
	year={2014}
}
@article{garcia2015fermion,
	title={Fermion-fermion scattering in quantum field theory with superconducting circuits},
	author={Garc{\'\i}a-{\'A}lvarez, L and Casanova, J and Mezzacapo, A and Egusquiza, IL and Lamata, L and Romero, G and Solano, E},
	journal={Physical Review Letters},
	volume={114},
	number={7},
	pages={070502},
	year={2015},
	publisher={APS}
}
@article{josephson1962possible,
	title={Possible new effects in superconductive tunnelling},
	author={Josephson, Brian David},
	journal={Physics Letters},
	volume={1},
	number={7},
	pages={251--253},
	year={1962},
	publisher={Elsevier}
}
@article{anderson1963probable,
	title={Probable observation of the Josephson superconducting tunneling effect},
	author={Anderson, Philip W and Rowell, John M},
	journal={Physical Review Letters},
	volume={10},
	number={6},
	pages={230},
	year={1963},
	publisher={APS}
}
@book{clarke2003squid,
	title={The SQUID Handbook: Fundamentals and Technology of SQUIDs and SQUID Systems},
	author={Clarke, John and Clarke, John and Braginski, Alex I},
	volume={1},
	year={2003},
	publisher={Wiley-Vch}
}
@article{ambegaokar1963tunneling,
	title={Tunneling between superconductors},
	author={Ambegaokar, Vinay and Baratoff, Alexis},
	journal={Physical Review Letters},
	volume={10},
	number={11},
	pages={486},
	year={1963},
	publisher={APS}
}

@article{tuominen1992experimental,
	title={Experimental evidence for parity-based 2e periodicity in a superconducting single-electron tunneling transistor},
	author={Tuominen, MT and Hergenrother, JM and Tighe, TS and Tinkham, M},
	journal={Physical Review Letters},
	volume={69},
	number={13},
	pages={1997},
	year={1992},
	publisher={APS}
}
@article{joyez1994observation,
	title={Observation of parity-induced suppression of Josephson tunneling in the superconducting single electron transistor},
	author={Joyez, P and Lafarge, Philippe and Filipe, A and Esteve, Daniel and Devoret, MH},
	journal={Physical Review Letters},
	volume={72},
	number={15},
	pages={2458},
	year={1994},
	publisher={APS}
}
@article{tesche1977dc,
	title={DC SQUID: Noise and optimization},
	author={Tesche, Claudia D and Clarke, John},
	journal={Journal of Low Temperature Physics},
	volume={29},
	number={3},
	pages={301--331},
	year={1977},
	publisher={Springer}
}
@article{kirtley1995high,
	title={High-resolution scanning SQUID microscope},
	author={Kirtley, JR and Ketchen, MB and Stawiasz, KG and Sun, JZ and Gallagher, WJ and Blanton, SH and Wind, SJ},
	journal={Applied Physics Letters},
	volume={66},
	number={9},
	pages={1138--1140},
	year={1995},
	publisher={American Institute of Physics}
}
@article{mukhanov1987ultimate,
	title={Ultimate performance of the RSFQ logic circuits},
	author={Mukhanov, O and Semenov, V and Likharev, K},
	journal={IEEE Transactions on Magnetics},
	volume={23},
	number={2},
	pages={759--762},
	year={1987},
	publisher={IEEE}
}
@article{likharev1991rsfq,
	title={RSFQ logic/memory family: A new Josephson-junction technology for sub-terahertz-clock-frequency digital systems},
	author={Likharev, Konstantin K and Semenov, Vasilii K},
	journal={IEEE Transactions on Applied Superconductivity},
	volume={1},
	number={1},
	pages={3--28},
	year={1991}
}
@book{1997superconducting,
	title={超导物理},
	author={张裕恒},
	isbn={9787312009419},
	year={1997},
	publisher={中国科学技术大学出版社}
}

@article{clarke2007squid,
	title={SQUID-detected magnetic resonance imaging in microtesla fields},
	author={Clarke, John and Hatridge, Michael and M{\"o}{\ss}le, Michael},
	journal={Annu. Rev. Biomed. Eng.},
	volume={9},
	pages={389--413},
	year={2007},
	publisher={Annual Reviews}
}

@article{pashkin2003quantum,
	title={Quantum oscillations in two coupled charge qubits},
	author={Pashkin, Yu A and Yamamoto, T and Astafiev, O and Nakamura, Yasunobu and Averin, DV and Tsai, JS},
	journal={Nature},
	volume={421},
	number={6925},
	pages={823--826},
	year={2003},
	publisher={Nature Publishing Group}
}
@article{barends2013coherent,
	title={Coherent Josephson qubit suitable for scalable quantum integrated circuits},
	author={Barends, Rami and Kelly, Julian and Megrant, Anthony and Sank, Daniel and Jeffrey, Evan and Chen, Yu and Yin, Yi and Chiaro, Ben and Mutus, Josh and Neill, Charles and others},
	journal={Physical Review Letters},
	volume={111},
	number={8},
	pages={080502},
	year={2013},
	publisher={APS}
}
@article{whaley1984rotating,
	title={Rotating-frame transformations: A new approximation for multiphoton absorption and dissociation in laser fields},
	author={Whaley, KB and Light, JC},
	journal={Physical Review A},
	volume={29},
	number={3},
	pages={1188},
	year={1984},
	publisher={APS}
}
@article{hutchings2017tunable,
	title={Tunable superconducting qubits with flux-independent coherence},
	author={Hutchings, MD and Hertzberg, Jared B and Liu, Yebin and Bronn, Nicholas T and Keefe, George A and Brink, Markus and Chow, Jerry M and Plourde, BLT},
	journal={Physical Review Applied},
	volume={8},
	number={4},
	pages={044003},
	year={2017},
	publisher={APS}
}
@phdthesis{sank2014fast,
	title={Fast, Accurate State Measurement in Superconducting Qubits},
	author={Sank, Daniel Thomas},
	year={2014},
	school={University of California, Santa Barbara}
}
@book{pozar2011microwave,
	title={Microwave engineering},
	author={Pozar, David M},
	year={2011},
	publisher={John wiley \& sons}
}
@book{mazin2005microwave,
	title={Microwave kinetic inductance detectors},
	author={Mazin, Benjamin A},
	year={2005},
	publisher={California Institute of Technology}
}
@article{megrant2012planar,
	title={Planar superconducting resonators with internal quality factors above one million},
	author={Megrant, Anthony and Neill, Charles and Barends, Rami and Chiaro, Ben and Chen, Yu and Feigl, Ludwig and Kelly, Julian and Lucero, Erik and Mariantoni, Matteo and O’Malley, Peter JJ and others},
	journal={Applied Physics Letters},
	volume={100},
	number={11},
	pages={113510},
	year={2012},
	publisher={American Institute of Physics}
}
@article{cho1975molecular,
	title={Molecular beam epitaxy},
	author={Cho, Al Y and Arthur, JR},
	journal={Progress in solid state chemistry},
	volume={10},
	pages={157--191},
	year={1975},
	publisher={Elsevier}
}
@article{arthur2002molecular,
	title={Molecular beam epitaxy},
	author={Arthur, John R},
	journal={Surface science},
	volume={500},
	number={1-3},
	pages={189--217},
	year={2002},
	publisher={Elsevier}
}
@article{wang2016electron,
	title={Electron beam evaporation deposition},
	author={Wang, Zhongping and Zhang, Zengming},
	journal={Advanced Nanodeposition Methods. Wiley \& Sons},
	year={2016}
}
@incollection{depla2010sputter,
	title={Sputter deposition processes},
	author={Depla, Diederik and Mahieu, Stijn and Greene, JE},
	booktitle={Handbook of deposition technologies for films and coatings},
	pages={253--296},
	year={2010},
	publisher={Elsevier}
}
@article{wasa1992handbook,
	title={Handbook of sputter deposition technology},
	author={Wasa, Kiyotaka and Hayakawa, Shigeru},
	year={1992},
	publisher={Park Ridge, NJ (United States); Noyes Publications}
}
@article{mariani1969slot,
	title={Slot line characteristics},
	author={Mariani, Elio A and Heinzman, Charles P and Agrios, John P and Cohn, Seymour B},
	journal={IEEE Transactions on microwave theory and techniques},
	volume={17},
	number={12},
	pages={1091--1096},
	year={1969},
	publisher={IEEE}
}
@article{cheng1996analysis,
	title={Analysis and synthesis of coplanar coupled lines on substrates of finite thicknesses},
	author={Cheng, K-KM},
	journal={IEEE transactions on microwave theory and techniques},
	volume={44},
	number={4},
	pages={636--639},
	year={1996},
	publisher={IEEE}
}
@article{ponchak2005excitation,
	title={Excitation of coupled slotline mode in finite-ground CPW with unequal ground-plane widths},
	author={Ponchak, George E and Papapolymerou, John and Tentzeris, Manos M},
	journal={IEEE transactions on microwave theory and techniques},
	volume={53},
	number={2},
	pages={713--717},
	year={2005},
	publisher={IEEE}
}
@article{chen2014fabrication,
	title={Fabrication and characterization of aluminum airbridges for superconducting microwave circuits},
	author={Chen, Zijun and Megrant, Anthony and Kelly, Julian and Barends, Rami and Bochmann, Joerg and Chen, Yu and Chiaro, Ben and Dunsworth, Andrew and Jeffrey, Evan and Mutus, JY and others},
	journal={Applied Physics Letters},
	volume={104},
	number={5},
	pages={052602},
	year={2014},
	publisher={American Institute of Physics}
}
@article{dunsworth2017low,
	title={A method for building low loss multi-layer wiring for superconducting microwave devices},
	author={Dunsworth, A and Barends, R and Chen, Yu and Chen, Zijun and Chiaro, B and Fowler, A and Foxen, B and Jeffrey, E and Kelly, J and Klimov, PV and others},
	journal={Applied Physics Letters},
	volume={112},
	number={6},
	pages={063502},
	year={2018},
	publisher={AIP Publishing LLC}
}
@article{bertet2005dephasing,
	title={Dephasing of a superconducting qubit induced by photon noise},
	author={Bertet, Patrice and Chiorescu, Irinel and Burkard, Guido and Semba, Kouichi and Harmans, CJPM and DiVincenzo, David P and Mooij, JE},
	journal={Physical Review Letters},
	volume={95},
	number={25},
	pages={257002},
	year={2005},
	publisher={APS}
}
@article{kumar2016origin,
	title={Origin and reduction of 1/f magnetic flux noise in superconducting devices},
	author={Kumar, P and Sendelbach, S and Beck, MA and Freeland, JW and Wang, Zhe and Wang, Hui and Clare, C Yu and Wu, RQ and Pappas, DP and McDermott, R},
	journal={Physical Review Applied},
	volume={6},
	number={4},
	pages={041001},
	year={2016},
	publisher={APS}
}
@misc{martinis2014ucsb,
	Author = {John M. Martinis and A. Megrant},
	Title = {UCSB final report for the CSQ program: Review of decoherence and materials physics for superconducting qubits},
	Year = {2014},
	Eprint = {arXiv:1410.5793},
}
@article{krinner2019engineering,
	title={Engineering cryogenic setups for 100-qubit scale superconducting circuit systems},
	author={Krinner, Sebastian and Storz, Simon and Kurpiers, Philipp and Magnard, Paul and Heinsoo, Johannes and Keller, Raphael and Luetolf, Janis and Eichler, Christopher and Wallraff, Andreas},
	journal={EPJ Quantum Technology},
	volume={6},
	number={1},
	pages={2},
	year={2019},
	publisher={Springer Berlin Heidelberg}
}
@article{huang2021microwave,
	title={Microwave package design for superconducting quantum processors},
	author={Huang, Sihao and Lienhard, Benjamin and Calusine, Greg and Veps{\"a}l{\"a}inen, Antti and Braum{\"u}ller, Jochen and Kim, David K and Melville, Alexander J and Niedzielski, Bethany M and Yoder, Jonilyn L and Kannan, Bharath and others},
	journal={PRX Quantum},
	volume={2},
	number={2},
	pages={020306},
	year={2021},
	publisher={APS}
}
@article{krantz2019quantum,
	title={A quantum engineer's guide to superconducting qubits},
	author={Krantz, Philip and Kjaergaard, Morten and Yan, Fei and Orlando, Terry P and Gustavsson, Simon and Oliver, William D},
	journal={Applied Physics Reviews},
	volume={6},
	number={2},
	pages={021318},
	year={2019},
	publisher={AIP Publishing LLC}
}
@misc{jackson1999classical,
	title={Classical electrodynamics},
	author={Jackson, John David},
	year={1999},
	publisher={American Association of Physics Teachers}
}
@incollection{purcell1995spontaneous,
	title={Spontaneous emission probabilities at radio frequencies},
	author={Purcell, Edward Mills},
	booktitle={Confined Electrons and Photons},
	pages={839--839},
	year={1995},
	publisher={Springer}
}
@article{wenner2011surface,
	title={Surface loss simulations of superconducting coplanar waveguide resonators},
	author={Wenner, James and Barends, R and Bialczak, RC and Chen, Yu and Kelly, J and Lucero, Erik and Mariantoni, Matteo and Megrant, A and O’Malley, PJJ and Sank, D and others},
	journal={Applied Physics Letters},
	volume={99},
	number={11},
	pages={113513},
	year={2011},
	publisher={American Institute of Physics}
}
@article{woods2019determining,
	title={Determining interface dielectric losses in superconducting coplanar-waveguide resonators},
	author={Woods, Wayne and Calusine, Greg and Melville, Alexander and Sevi, Arjan and Golden, Evan and Kim, David K and Rosenberg, Danna and Yoder, Jonilyn L and Oliver, William D},
	journal={Physical Review Applied},
	volume={12},
	number={1},
	pages={014012},
	year={2019},
	publisher={APS}
}
@article{mcrae2020materials,
	title={Materials loss measurements using superconducting microwave resonators},
	author={McRae, Corey Rae Harrington and Wang, Haozhi and Gao, Jiansong and Vissers, Michael R and Brecht, Teresa and Dunsworth, Andrew and Pappas, David P and Mutus, Josh},
	journal={Review of Scientific Instruments},
	volume={91},
	number={9},
	pages={091101},
	year={2020},
	publisher={AIP Publishing LLC}
}
@article{gustavsson2016suppressing,
	title={Suppressing relaxation in superconducting qubits by quasiparticle pumping},
	author={Gustavsson, Simon and Yan, Fei and Catelani, Gianluigi and Bylander, Jonas and Kamal, Archana and Birenbaum, Jeffrey and Hover, David and Rosenberg, Danna and Samach, Gabriel and Sears, Adam P and others},
	journal={Science},
	volume={354},
	number={6319},
	pages={1573--1577},
	year={2016},
	publisher={American Association for the Advancement of Science}
}
@article{serniak2018hot,
	title={Hot nonequilibrium quasiparticles in transmon qubits},
	author={Serniak, K and Hays, M and De Lange, G and Diamond, S and Shankar, Sh and Burkhart, LD and Frunzio, L and Houzet, M and Devoret, MH},
	journal={Physical Review Letters},
	volume={121},
	number={15},
	pages={157701},
	year={2018},
	publisher={APS}
}
@misc{pan2022engineering,
	Author = {Xianchuang Pan and Haolan Yuan and Yuxuan Zhou and Libo Zhang and Jian Li and Song Liu and Zhi Hao Jiang and Gianluigi Catelani and Ling Hu and Fei Yan},
	Title = {Engineering superconducting qubits to reduce quasiparticles and charge noise},
	Year = {2022},
	Eprint = {arXiv:2202.01435},
}
@article{rafferty2021modeling,
	title={Modeling the Antenna Mode of the Transmon Qubit},
	author={Rafferty, Owen and Abdullah, Sohair and Wilen, Chris and McDermott, Robert},
	journal={Bulletin of the American Physical Society},
	volume={66},
	year={2021},
	publisher={APS}
}
@inproceedings{sandberg2013long,
	title={Long-lived, radiation-suppressed superconducting quantum bit in a planar geometry},
	author={Sandberg, Martin and Vissers, Michael and Ohki, Thomas and Goa, Jiansong and Aumentado, Jose and Weides, Martin and Pappas, David},
	booktitle={APS March Meeting Abstracts},
	volume={2013},
	pages={T25--009},
	year={2013}
}
@inproceedings{schoelkopf2003noise,
	title={Noise and measurement backaction in superconducting circuits: qubits as spectrometers of quantum noise},
	author={Schoelkopf, Robert J and Clerk, AA and Girvin, SM and Lehnert, Konrad W and Devoret, MH},
	booktitle={Noise and Information in Nanoelectronics, Sensors, and Standards},
	volume={5115},
	pages={356--376},
	year={2003},
	organization={SPIE}
}
@book{o2016superconducting,
	title={Superconducting qubits: dephasing and quantum chemistry},
	author={O'Malley, Peter James Joyce},
	year={2016},
	publisher={University of California, Santa Barbara}
}
@article{tanner1968restricted,
	title={Restricted self-diffusion of protons in colloidal systems by the pulsed-gradient, spin-echo method},
	author={Tanner, John E and Stejskal, Edward O},
	journal={The Journal of Chemical Physics},
	volume={49},
	number={4},
	pages={1768--1777},
	year={1968},
	publisher={American Institute of Physics}
}
@article{bylander2011noise,
	title={Noise spectroscopy through dynamical decoupling with a superconducting flux qubit},
	author={Bylander, Jonas and Gustavsson, Simon and Yan, Fei and Yoshihara, Fumiki and Harrabi, Khalil and Fitch, George and Cory, David G and Nakamura, Yasunobu and Tsai, Jaw-Shen and Oliver, William D},
	journal={Nature Physics},
	volume={7},
	number={7},
	pages={565--570},
	year={2011},
	publisher={Nature Publishing Group}
}
@article{west2010high,
	title={High fidelity quantum gates via dynamical decoupling},
	author={West, Jacob R and Lidar, Daniel A and Fong, Bryan H and Gyure, Mark F},
	journal={Physical Review Letters},
	volume={105},
	number={23},
	pages={230503},
	year={2010},
	publisher={APS}
}
@article{khodjasteh2005fault,
	title={Fault-tolerant quantum dynamical decoupling},
	author={Khodjasteh, Kaveh and Lidar, Daniel A},
	journal={Physical Review Letters},
	volume={95},
	number={18},
	pages={180501},
	year={2005},
	publisher={APS}
}
@article{lucero2010reduced,
	title={Reduced phase error through optimized control of a superconducting qubit},
	author={Lucero, Erik and Kelly, Julian and Bialczak, Radoslaw C and Lenander, Mike and Mariantoni, Matteo and Neeley, Matthew and O’Connell, AD and Sank, Daniel and Wang, H and Weides, Martin and others},
	journal={Physical Review A},
	volume={82},
	number={4},
	pages={042339},
	year={2010},
	publisher={APS}
}
@article{martinis2014fast,
	title={Fast adiabatic qubit gates using only $\sigma$ z control},
	author={Martinis, John M and Geller, Michael R},
	journal={Physical Review A},
	volume={90},
	number={2},
	pages={022307},
	year={2014},
	publisher={APS}
}
@article{bialczak2010quantum,
	title={Quantum process tomography of a universal entangling gate implemented with Josephson phase qubits},
	author={Bialczak, Radoslaw C and Ansmann, Markus and Hofheinz, Max and Lucero, Erik and Neeley, Matthew and O’Connell, Aaron D and Sank, Daniel and Wang, Haohua and Wenner, James and Steffen, Matthias and others},
	journal={Nature Physics},
	volume={6},
	number={6},
	pages={409--413},
	year={2010},
	publisher={Nature Publishing Group}
}
@article{magesan2012efficient,
	title={Efficient measurement of quantum gate error by interleaved randomized benchmarking},
	author={Magesan, Easwar and Gambetta, Jay M and Johnson, Blake R and Ryan, Colm A and Chow, Jerry M and Merkel, Seth T and Da Silva, Marcus P and Keefe, George A and Rothwell, Mary B and Ohki, Thomas A and others},
	journal={Physical Review Letters},
	volume={109},
	number={8},
	pages={080505},
	year={2012},
	publisher={APS}
}
@article{kelly2014optimal,
	title={Optimal quantum control using randomized benchmarking},
	author={Kelly, Julian and Barends, Rami and Campbell, Brooks and Chen, Yu and Chen, Zijun and Chiaro, Ben and Dunsworth, Andrew and Fowler, Austin G and Hoi, I-C and Jeffrey, Evan and others},
	journal={Physical Review Letters},
	volume={112},
	number={24},
	pages={240504},
	year={2014},
	publisher={APS}
}
@article{barends2019diabatic,
	title={Diabatic gates for frequency-tunable superconducting qubits},
	author={Barends, Rami and Quintana, CM and Petukhov, AG and Chen, Yu and Kafri, Dvir and Kechedzhi, Kostyantyn and Collins, Roberto and Naaman, Ofer and Boixo, Sergio and Arute, F and others},
	journal={Physical Review Letters},
	volume={123},
	number={21},
	pages={210501},
	year={2019},
	publisher={APS}
}
@article{wenner2011wirebond,
	title={Wirebond crosstalk and cavity modes in large chip mounts for superconducting qubits},
	author={Wenner, James and Neeley, Matthew and Bialczak, Radoslaw C and Lenander, Michael and Lucero, Erik and O’Connell, Aaron D and Sank, Daniel and Wang, Haohua and Weides, Martin and Cleland, Andrew N and others},
	journal={Superconductor Science and Technology},
	volume={24},
	number={6},
	pages={065001},
	year={2011},
	publisher={IOP Publishing}
}
@article{johansson2012qutip,
	title={QuTiP: An open-source Python framework for the dynamics of open quantum systems},
	author={Johansson, J Robert and Nation, Paul D and Nori, Franco},
	journal={Computer Physics Communications},
	volume={183},
	number={8},
	pages={1760--1772},
	year={2012},
	publisher={Elsevier}
}
@article{JOHANSSON20131234,
	title = {QuTiP 2: A Python framework for the dynamics of open quantum systems},
	journal = {Computer Physics Communications},
	volume = {184},
	number = {4},
	pages = {1234-1240},
	year = {2013},
	issn = {0010-4655},
	author = {J.R. Johansson and P.D. Nation and Franco Nori},
}
@article{basko2006metal,
	title={Metal--insulator transition in a weakly interacting many-electron system with localized single-particle states},
	author={Basko, Denis M and Aleiner, Igor L and Altshuler, Boris L},
	journal={Annals of Physics},
	volume={321},
	number={5},
	pages={1126--1205},
	year={2006},
	publisher={Elsevier}
}
@article{nandkishore2015many,
	title={Many-body localization and thermalization in quantum statistical mechanics},
	author={Nandkishore, Rahul and Huse, David A},
	journal={Annu. Rev. Condens. Matter Phys.},
	volume={6},
	number={1},
	pages={15--38},
	year={2015},
	publisher={Annual Reviews}
}
@article{altman2015universal,
	title={Universal dynamics and renormalization in many-body-localized systems},
	author={Altman, Ehud and Vosk, Ronen},
	journal={Annu. Rev. Condens. Matter Phys.},
	volume={6},
	number={1},
	pages={383--409},
	year={2015},
	publisher={Annual Reviews}
}
@article{khemani2017critical,
	title={Critical properties of the many-body localization transition},
	author={Khemani, Vedika and Lim, Say-Peng and Sheng, DN and Huse, David A},
	journal={Physical Review X},
	volume={7},
	number={2},
	pages={021013},
	year={2017},
	publisher={APS}
}
@article{srednicki1994chaos,
	title={Chaos and quantum thermalization},
	author={Srednicki, Mark},
	journal={Physical Review E},
	volume={50},
	number={2},
	pages={888},
	year={1994},
	publisher={APS}
}
@article{d2016quantum,
	title={From quantum chaos and eigenstate thermalization to statistical mechanics and thermodynamics},
	author={D'Alessio, Luca and Kafri, Yariv and Polkovnikov, Anatoli and Rigol, Marcos},
	journal={Advances in Physics},
	volume={65},
	number={3},
	pages={239--362},
	year={2016},
	publisher={Taylor \& Francis}
}

@misc{chiaro2019direct,
	Author = {B. Chiaro and C. Neill and A. Bohrdt and M. Filippone and F. Arute and K. Arya and R. Babbush and D. Bacon and others},
	Title = {Direct measurement of non-local interactions in the many-body localized phase},
	Year = {2019},
	Eprint = {arXiv:1910.06024},
}

@misc{tangpanitanon2019quantum,
	Author = {Jirawat Tangpanitanon and Supanut Thanasilp and Marc-Antoine Lemonde and Dimitris G. Angelakis},
	Title = {Quantum supremacy with analog quantum processors for material science and machine learning},
	Year = {2019},
	Eprint = {arXiv:1906.03860},
}

@article{xu2018emulating,
	title={Emulating many-body localization with a superconducting quantum processor},
	author={Xu, Kai and Chen, Jin-Jun and Zeng, Yu and Zhang, Yu-Ran and Song, Chao and Liu, Wuxin and Guo, Qiujiang and Zhang, Pengfei and Xu, Da and Deng, Hui and others},
	journal={Physical Review Letters},
	volume={120},
	number={5},
	pages={050507},
	year={2018},
	publisher={APS}
}
@article{smith2016many,
	title={Many-body localization in a quantum simulator with programmable random disorder},
	author={Smith, Jacob and Lee, Aaron and Richerme, Philip and Neyenhuis, Brian and Hess, Paul W and Hauke, Philipp and Heyl, Markus and Huse, David A and Monroe, Christopher},
	journal={Nature Physics},
	volume={12},
	number={10},
	pages={907--911},
	year={2016},
	publisher={Nature Publishing Group}
}
@article{schreiber2015observation,
	title={Observation of many-body localization of interacting fermions in a quasirandom optical lattice},
	author={Schreiber, Michael and Hodgman, Sean S and Bordia, Pranjal and L{\"u}schen, Henrik P and Fischer, Mark H and Vosk, Ronen and Altman, Ehud and Schneider, Ulrich and Bloch, Immanuel},
	journal={Science},
	volume={349},
	number={6250},
	pages={842--845},
	year={2015},
	publisher={American Association for the Advancement of Science}
}
@article{choi2016exploring,
	title={Exploring the many-body localization transition in two dimensions},
	author={Choi, Jae-yoon and Hild, Sebastian and Zeiher, Johannes and Schau{\ss}, Peter and Rubio-Abadal, Antonio and Yefsah, Tarik and Khemani, Vedika and Huse, David A and Bloch, Immanuel and Gross, Christian},
	journal={Science},
	volume={352},
	number={6293},
	pages={1547--1552},
	year={2016},
	publisher={American Association for the Advancement of Science}
}
@article{neill2016ergodic,
	title={Ergodic dynamics and thermalization in an isolated quantum system},
	author={Neill, Charles and Roushan, P and Fang, M and Chen, Y and Kolodrubetz, M and Chen, Z and Megrant, A and Barends, R and Campbell, B and Chiaro, B and others},
	journal={Nature Physics},
	volume={12},
	number={11},
	pages={1037--1041},
	year={2016},
	publisher={Nature Publishing Group}
}
@article{lazarides2015fate,
	title={Fate of many-body localization under periodic driving},
	author={Lazarides, Achilleas and Das, Arnab and Moessner, Roderich},
	journal={Physical Review Letters},
	volume={115},
	number={3},
	pages={030402},
	year={2015},
	publisher={APS}
}
@article{ponte2015many,
	title={Many-body localization in periodically driven systems},
	author={Ponte, Pedro and Papi{\'c}, Zlatko and Huveneers, Fran{\c{c}}ois and Abanin, Dmitry A},
	journal={Physical Review Letters},
	volume={114},
	number={14},
	pages={140401},
	year={2015},
	publisher={APS}
}
@article{restrepo2016driven,
	title={Driven open quantum systems and Floquet stroboscopic dynamics},
	author={Restrepo, Sebastian and Cerrillo, Javier and Bastidas, Victor Manuel and Angelakis, Dimitris G and Brandes, Tobias},
	journal={Physical Review Letters},
	volume={117},
	number={25},
	pages={250401},
	year={2016},
	publisher={APS}
}
@article{d2014long,
	title={Long-time behavior of isolated periodically driven interacting lattice systems},
	author={D’Alessio, Luca and Rigol, Marcos},
	journal={Physical Review X},
	volume={4},
	number={4},
	pages={041048},
	year={2014},
	publisher={APS}
}
@article{khemani2016phase,
	title={Phase structure of driven quantum systems},
	author={Khemani, Vedika and Lazarides, Achilleas and Moessner, Roderich and Sondhi, Shivaji L},
	journal={Physical Review Letters},
	volume={116},
	number={25},
	pages={250401},
	year={2016},
	publisher={APS}
}
@article{grossmann1991coherent,
	title={Coherent destruction of tunneling},
	author={Grossmann, Frank and Dittrich, Thomas and Jung, Peter and H{\"a}nggi, Peter},
	journal={Physical Review Letters},
	volume={67},
	number={4},
	pages={516},
	year={1991},
	publisher={APS}
}
@article{eckardt2005superfluid,
	title={Superfluid-insulator transition in a periodically driven optical lattice},
	author={Eckardt, Andr{\'e} and Weiss, Christoph and Holthaus, Martin},
	journal={Physical Review Letters},
	volume={95},
	number={26},
	pages={260404},
	year={2005},
	publisher={APS}
}
@article{bastidas2018ergodic,
	title={Ergodic-localized junctions in periodically driven systems},
	author={Bastidas, VM and Renoust, B and Nemoto, Kae and Munro, WJ},
	journal={Physical Review B},
	volume={98},
	number={22},
	pages={224307},
	year={2018},
	publisher={APS}
}
@inproceedings{childs2003exponential,
	title={Exponential algorithmic speedup by a quantum walk},
	author={Childs, Andrew M and Cleve, Richard and Deotto, Enrico and Farhi, Edward and Gutmann, Sam and Spielman, Daniel A},
	booktitle={Proceedings of the Thirty-Fifth Annual ACM Symposium on Theory of Computing},
	pages={59--68},
	year={2003}
}
@article{hillery2010searching,
	title={Searching via walking: How to find a marked clique of a complete graph using quantum walks},
	author={Hillery, Mark and Reitzner, Daniel and Bu{\v{z}}ek, Vladimir},
	journal={Physical Review A},
	volume={81},
	number={6},
	pages={062324},
	year={2010},
	publisher={APS}
}
@article{mulken2011continuous,
	title={Continuous-time quantum walks: Models for coherent transport on complex networks},
	author={M{\"u}lken, Oliver and Blumen, Alexander},
	journal={Physics Reports},
	volume={502},
	number={2-3},
	pages={37--87},
	year={2011},
	publisher={Elsevier}
}
@article{shenvi2003quantum,
	title={Quantum random-walk search algorithm},
	author={Shenvi, Neil and Kempe, Julia and Whaley, K Birgitta},
	journal={Physical Review A},
	volume={67},
	number={5},
	pages={052307},
	year={2003},
	publisher={APS}
}
@article{childs2004spatial,
	title={Spatial search by quantum walk},
	author={Childs, Andrew M and Goldstone, Jeffrey},
	journal={Physical Review A},
	volume={70},
	number={2},
	pages={022314},
	year={2004},
	publisher={APS}
}
@article{childs2009universal,
	title={Universal computation by quantum walk},
	author={Childs, Andrew M},
	journal={Physical Review Letters},
	volume={102},
	number={18},
	pages={180501},
	year={2009},
	publisher={APS}
}
@article{childs2013universal,
	title={Universal computation by multiparticle quantum walk},
	author={Childs, Andrew M and Gosset, David and Webb, Zak},
	journal={Science},
	volume={339},
	number={6121},
	pages={791--794},
	year={2013},
	publisher={American Association for the Advancement of Science}
}
@article{aharonov1993quantum,
	title={Quantum random walks},
	author={Aharonov, Yakir and Davidovich, Luiz and Zagury, Nicim},
	journal={Physical Review A},
	volume={48},
	number={2},
	pages={1687},
	year={1993},
	publisher={APS}
}

@article{aspuru2012photonic,
	title={Photonic quantum simulators},
	author={Aspuru-Guzik, Al{\'a}n and Walther, Philip},
	journal={Nature Physics},
	volume={8},
	number={4},
	pages={285--291},
	year={2012},
	publisher={Nature Publishing Group}
}
@article{lambert2013quantum,
	title={Quantum biology},
	author={Lambert, Neill and Chen, Yueh-Nan and Cheng, Yuan-Chung and Li, Che-Ming and Chen, Guang-Yin and Nori, Franco},
	journal={Nature Physics},
	volume={9},
	number={1},
	pages={10--18},
	year={2013},
	publisher={Nature Publishing Group}
}
@article{douglas2013complexity,
	title={Complexity analysis of quantum walk based search algorithms},
	author={Douglas, BL and Wang, JB},
	journal={Journal of Computational and Theoretical Nanoscience},
	volume={10},
	number={7},
	pages={1601--1605},
	year={2013},
	publisher={American Scientific Publishers}
}
@article{tulsi2008faster,
	title={Faster quantum-walk algorithm for the two-dimensional spatial search},
	author={Tulsi, Avatar},
	journal={Physical Review A},
	volume={78},
	number={1},
	pages={012310},
	year={2008},
	publisher={APS}
}
@article{rohde2012error,
	title={Error tolerance of the boson-sampling model for linear optics quantum computing},
	author={Rohde, Peter P and Ralph, Timothy C},
	journal={Physical Review A},
	volume={85},
	number={2},
	pages={022332},
	year={2012},
	publisher={APS}
}
@article{chen2018observation,
	title={Observation of topologically protected edge states in a photonic two-dimensional quantum walk},
	author={Chen, Chao and Ding, Xing and Qin, Jian and He, Yu and Luo, Yi-Han and Chen, Ming-Cheng and Liu, Chang and Wang, Xi-Lin and Zhang, Wei-Jun and Li, Hao and others},
	journal={Physical Review Letters},
	volume={121},
	number={10},
	pages={100502},
	year={2018},
	publisher={APS}
}

@misc{scully1999quantum,
	title={Quantum optics},
	author={Scully, Marlan O and Zubairy, M Suhail},
	year={1999},
	publisher={American Association of Physics Teachers}
}
@article{johri2015many,
	title={Many-body localization in imperfectly isolated quantum systems},
	author={Johri, Sonika and Nandkishore, Rahul and Bhatt, RN},
	journal={Physical Review Letters},
	volume={114},
	number={11},
	pages={117401},
	year={2015},
	publisher={APS}
}
@article{zhu2021probing,
	title={Probing many-body localization on a noisy quantum computer},
	author={Zhu, D and Johri, S and Nguyen, NH and Alderete, C Huerta and Landsman, KA and Linke, NM and Monroe, C and Matsuura, AY},
	journal={Physical Review A},
	volume={103},
	number={3},
	pages={032606},
	year={2021},
	publisher={APS}
}
@article{bastidas2010entanglement,
	title={Entanglement and parametric resonance in driven quantum systems},
	author={Bastidas, V{\'\i}ctor Manuel and Reina, JH and Emary, C and Brandes, Tobias},
	journal={Physical Review A},
	volume={81},
	number={1},
	pages={012316},
	year={2010},
	publisher={APS}
}
@article{glaetzle2017quantum,
	title={Quantum spin lenses in atomic arrays},
	author={Glaetzle, AW and Ender, K and Wild, DS and Choi, S and Pichler, H and Lukin, Mikhail D and Zoller, Peter},
	journal={Physical Review X},
	volume={7},
	number={3},
	pages={031049},
	year={2017},
	publisher={APS}
}
@article{anderson1958absence,
	title={Absence of diffusion in certain random lattices},
	author={Anderson, Philip W},
	journal={Physical Review},
	volume={109},
	number={5},
	pages={1492},
	year={1958},
	publisher={APS}
}
@article{kramer1993localization,
	title={Localization: theory and experiment},
	author={Kramer, Bernhard and MacKinnon, Angus},
	journal={Reports on Progress in Physics},
	volume={56},
	number={12},
	pages={1469},
	year={1993},
	publisher={IOP Publishing}
}
@article{martinis2022surface,
	title={Surface loss calculations and design of a superconducting transmon qubit with tapered wiring},
	author={Martinis, John M},
	journal={npj Quantum Information},
	volume={8},
	number={1},
	pages={1--12},
	year={2022},
	publisher={Nature Publishing Group}
}
@article{Gu2006,
	title={微纳米加工技术在纳米物理与器件研究中的应用},
	author={顾长志 and 罗强 and 杨海方 and 金爱子 and 李俊杰 and 王宗利 and 王强 and 徐鹏 and 全保刚 and 岳双林 and others},
	journal={物理},
	volume={35},
	number={01},
	pages={40--46},
	year={2006}
}
@article{quintana2014characterization,
	title={Characterization and reduction of microfabrication-induced decoherence in superconducting quantum circuits},
	author={Quintana, CM and Megrant, A and Chen, Z and Dunsworth, A and Chiaro, B and Barends, R and Campbell, B and Chen, Yu and Hoi, I-C and Jeffrey, E and others},
	journal={Applied Physics Letters},
	volume={105},
	number={6},
	pages={062601},
	year={2014},
	publisher={AIP Publishing LLC}
}
@article{farhi1998quantum,
	title={Quantum computation and decision trees},
	author={Farhi, Edward and Gutmann, Sam},
	journal={Physical Review A},
	volume={58},
	number={2},
	pages={915},
	year={1998},
	publisher={APS}
}
@article{zahringer2010realization,
	title={Realization of a quantum walk with one and two trapped ions},
	author={Z{\"a}hringer, Franziska and Kirchmair, Gerhard and Gerritsma, Rene and Solano, Eenrique and Blatt, Rainer and Roos, Christian F},
	journal={Physical Review Letters},
	volume={104},
	number={10},
	pages={100503},
	year={2010},
	publisher={APS}
}
@article{karski2009quantum,
	title={Quantum walk in position space with single optically trapped atoms},
	author={Karski, Michal and F{\"o}rster, Leonid and Choi, Jai-Min and Steffen, Andreas and Alt, Wolfgang and Meschede, Dieter and Widera, Artur},
	journal={Science},
	volume={325},
	number={5937},
	pages={174--177},
	year={2009},
	publisher={American Association for the Advancement of Science}
}
@article{xue2015localized,
	title={Localized state in a two-dimensional quantum walk on a disordered lattice},
	author={Xue, Peng and Zhang, Rong and Bian, Zhihao and Zhan, Xiang and Qin, Hao and Sanders, Barry C},
	journal={Physical Review A},
	volume={92},
	number={4},
	pages={042316},
	year={2015},
	publisher={APS}
}
@article{schreiber20122d,
	title={A 2D quantum walk simulation of two-particle dynamics},
	author={Schreiber, Andreas and G{\'a}bris, Aur{\'e}l and Rohde, Peter P and Laiho, Kaisa and {\v{S}}tefa{\v{n}}{\'a}k, Martin and Poto{\v{c}}ek, V{\'a}clav and Hamilton, Craig and Jex, Igor and Silberhorn, Christine},
	journal={Science},
	volume={336},
	number={6077},
	pages={55--58},
	year={2012},
	publisher={American Association for the Advancement of Science}
}
@article{schmitz2009quantum,
	title={Quantum walk of a trapped ion in phase space},
	author={Schmitz, Hector and Matjeschk, Robert and Schneider, Ch and Glueckert, Jan and Enderlein, Martin and Huber, Thomas and Schaetz, Tobias},
	journal={Physical Review Letters},
	volume={103},
	number={9},
	pages={090504},
	year={2009},
	publisher={APS}
}

@article{peruzzo2010quantum,
	title={Quantum walks of correlated photons},
	author={Peruzzo, Alberto and Lobino, Mirko and Matthews, Jonathan CF and Matsuda, Nobuyuki and Politi, Alberto and Poulios, Konstantinos and Zhou, Xiao-Qi and Lahini, Yoav and Ismail, Nur and W{\"o}rhoff, Kerstin and others},
	journal={Science},
	volume={329},
	number={5998},
	pages={1500--1503},
	year={2010},
	publisher={American Association for the Advancement of Science}
}
@article{lahini2012quantum,
	title={Quantum walk of two interacting bosons},
	author={Lahini, Yoav and Verbin, Mor and Huber, Sebastian D and Bromberg, Yaron and Pugatch, Rami and Silberberg, Yaron},
	journal={Physical Review A},
	volume={86},
	number={1},
	pages={011603},
	year={2012},
	publisher={APS}
}
@article{preiss2015strongly,
	title={Strongly correlated quantum walks in optical lattices},
	author={Preiss, Philipp M and Ma, Ruichao and Tai, M Eric and Lukin, Alexander and Rispoli, Matthew and Zupancic, Philip and Lahini, Yoav and Islam, Rajibul and Greiner, Markus},
	journal={Science},
	volume={347},
	number={6227},
	pages={1229--1233},
	year={2015},
	publisher={American Association for the Advancement of Science}
}
@article{jiao2021two,
	title={Two-dimensional quantum walks of correlated photons},
	author={Jiao, Zhi-Qiang and Gao, Jun and Zhou, Wen-Hao and Wang, Xiao-Wei and Ren, Ruo-Jing and Xu, Xiao-Yun and Qiao, Lu-Feng and Wang, Yao and Jin, Xian-Min},
	journal={Optica},
	volume={8},
	number={9},
	pages={1129--1135},
	year={2021},
	publisher={Optical Society of America}
}
@inproceedings{aharonov2001quantum,
	title={Quantum walks on graphs},
	author={Aharonov, Dorit and Ambainis, Andris and Kempe, Julia and Vazirani, Umesh},
	booktitle={Proceedings of the Thirty-third Annual ACM Symposium on Theory of Computing},
	pages={50--59},
	year={2001}
}
@article{gyenis2021moving,
	title={Moving beyond the transmon: Noise-protected superconducting quantum circuits},
	author={Gyenis, Andr{\'a}s and Di Paolo, Agustin and Koch, Jens and Blais, Alexandre and Houck, Andrew A and Schuster, David I},
	journal={PRX Quantum},
	volume={2},
	number={3},
	pages={030101},
	year={2021},
	publisher={APS}
}
@article{kalashnikov2020bifluxon,
	title={Bifluxon: Fluxon-parity-protected superconducting qubit},
	author={Kalashnikov, Konstantin and Hsieh, Wen Ting and Zhang, Wenyuan and Lu, Wen-Sen and Kamenov, Plamen and Di Paolo, Agustin and Blais, Alexandre and Gershenson, Michael E and Bell, Matthew},
	journal={PRX Quantum},
	volume={1},
	number={1},
	pages={010307},
	year={2020},
	publisher={APS}
}
@article{dunsworth2017characterization,
	title={Characterization and reduction of capacitive loss induced by sub-micron Josephson junction fabrication in superconducting qubits},
	author={Dunsworth, A and Megrant, A and Quintana, C and Chen, Zijun and Barends, R and Burkett, B and Foxen, B and Chen, Yu and Chiaro, B and Fowler, A and others},
	journal={Applied Physics Letters},
	volume={111},
	number={2},
	pages={022601},
	year={2017},
	publisher={AIP Publishing LLC}
}
@phdthesis{serniak2019nonequilibrium,
	title={Nonequilibrium Quasiparticles in Superconducting Qubits},
	author={Serniak, Kyle},
	year={2019},
	school={Ph. D. thesis, Yale University}
}
@article{mcewen2022resolving,
	title={Resolving catastrophic error bursts from cosmic rays in large arrays of superconducting qubits},
	author={McEwen, Matt and Faoro, Lara and Arya, Kunal and Dunsworth, Andrew and Huang, Trent and Kim, Seon and Burkett, Brian and Fowler, Austin and Arute, Frank and Bardin, Joseph C and others},
	journal={Nature Physics},
	volume={18},
	number={1},
	pages={107--111},
	year={2022},
	publisher={Nature Publishing Group}
}
@article{vepsalainen2020impact,
	title={Impact of ionizing radiation on superconducting qubit coherence},
	author={Veps{\"a}l{\"a}inen, Antti P and Karamlou, Amir H and Orrell, John L and Dogra, Akshunna S and Loer, Ben and Vasconcelos, Francisca and Kim, David K and Melville, Alexander J and Niedzielski, Bethany M and Yoder, Jonilyn L and others},
	journal={Nature},
	volume={584},
	number={7822},
	pages={551--556},
	year={2020},
	publisher={Nature Publishing Group}
}
@article{wang2022hexagonal,
	title={Hexagonal boron nitride as a low-loss dielectric for superconducting quantum circuits and qubits},
	author={Wang, Joel IJ and Yamoah, Megan A and Li, Qing and Karamlou, Amir H and Dinh, Thao and Kannan, Bharath and Braumueller, Jochen and Kim, David and Melville, Alexander J and Muschinske, Sarah E and others},
	journal={Nature Materials},
	pages={1--6},
	year={2022},
	publisher={Nature Publishing Group}
}
@article{antony2021miniaturizing,
	title={Miniaturizing transmon qubits using van der Waals materials},
	author={Antony, Abhinandan and Gustafsson, Martin V and Ribeill, Guilhem J and Ware, Matthew and Rajendran, Anjaly and Govia, Luke CG and Ohki, Thomas A and Taniguchi, Takashi and Watanabe, Kenji and Hone, James and others},
	journal={Nano Letters},
	volume={21},
	number={23},
	pages={10122--10126},
	year={2021},
	publisher={ACS Publications}
}
@article{xue2021cmos,
	title={CMOS-based cryogenic control of silicon quantum circuits},
	author={Xue, Xiao and Patra, Bishnu and van Dijk, Jeroen PG and Samkharadze, Nodar and Subramanian, Sushil and Corna, Andrea and Paquelet Wuetz, Brian and Jeon, Charles and Sheikh, Farhana and Juarez-Hernandez, Esdras and others},
	journal={Nature},
	volume={593},
	number={7858},
	pages={205--210},
	year={2021},
	publisher={Nature Publishing Group}
}
@misc{pauka2019cryogenic,
	title={A cryogenic interface for controlling many qubits},
	author={Pauka, SJ and Das, K and Kalra, R and Moini, A and Yang, Y and Trainer, M and Bousquet, A and Cantaloube, C and Dick, N and Gardner, GC and others},
	Eprint={arXiv:1912.01299},
	year={2019}
}
@article{li2019fabrication,
	title={Fabrication and characterization of superconducting RSFQ circuits},
	author={Li, Gang and Li, Hao and Liu, Jian-She and Chen, Wei},
	journal={Rare Metals},
	volume={38},
	number={10},
	pages={899--904},
	year={2019},
	publisher={Springer}
}
@misc{klimov2020snake,
	title={The snake optimizer for learning quantum processor control parameters},
	author={Klimov, Paul V and Kelly, Julian and Martinis, John M and Neven, Hartmut},
	Eprint={arXiv:2006.04594},
	year={2020}
}
@article{patterson2019calibration,
	title={Calibration of a cross-resonance two-qubit gate between directly coupled transmons},
	author={Patterson, AD and Rahamim, J and Tsunoda, T and Spring, PA and Jebari, S and Ratter, K and Mergenthaler, M and Tancredi, G and Vlastakis, B and Esposito, M and others},
	journal={Physical Review Applied},
	volume={12},
	number={6},
	pages={064013},
	year={2019},
	publisher={APS}
}
@article{sundaresan2020reducing,
	title={Reducing unitary and spectator errors in cross resonance with optimized rotary echoes},
	author={Sundaresan, Neereja and Lauer, Isaac and Pritchett, Emily and Magesan, Easwar and Jurcevic, Petar and Gambetta, Jay M},
	journal={PRX Quantum},
	volume={1},
	number={2},
	pages={020318},
	year={2020},
	publisher={APS}
}
@article{biamonte2017quantum,
	title={Quantum machine learning},
	author={Biamonte, Jacob and Wittek, Peter and Pancotti, Nicola and Rebentrost, Patrick and Wiebe, Nathan and Lloyd, Seth},
	journal={Nature},
	volume={549},
	number={7671},
	pages={195--202},
	year={2017},
	publisher={Nature Publishing Group}
}
@misc{wiebe2014quantum,
	title={Quantum deep learning},
	author={Wiebe, Nathan and Kapoor, Ashish and Svore, Krysta M},
	Eprint={arXiv:1412.3489},
	year={2014}
}
@misc{farhi2014quantum,
	title={A quantum approximate optimization algorithm},
	author={Farhi, Edward and Goldstone, Jeffrey and Gutmann, Sam},
	Eprint={arXiv:1411.4028},
	year={2014}
}
@article{harrigan2021quantum,
	title={Quantum approximate optimization of non-planar graph problems on a planar superconducting processor},
	author={Harrigan, Matthew P and Sung, Kevin J and Neeley, Matthew and Satzinger, Kevin J and Arute, Frank and Arya, Kunal and Atalaya, Juan and Bardin, Joseph C and Barends, Rami and Boixo, Sergio and others},
	journal={Nature Physics},
	volume={17},
	number={3},
	pages={332--336},
	year={2021},
	publisher={Nature Publishing Group}
}
@article{peruzzo2014variational,
	title={A variational eigenvalue solver on a photonic quantum processor},
	author={Peruzzo, Alberto and McClean, Jarrod and Shadbolt, Peter and Yung, Man-Hong and Zhou, Xiao-Qi and Love, Peter J and Aspuru-Guzik, Al{\'a}n and O’brien, Jeremy L},
	journal={Nature communications},
	volume={5},
	number={1},
	pages={1--7},
	year={2014},
	publisher={Nature Publishing Group}
}
@article{wecker2015progress,
	title={Progress towards practical quantum variational algorithms},
	author={Wecker, Dave and Hastings, Matthew B and Troyer, Matthias},
	journal={Physical Review A},
	volume={92},
	number={4},
	pages={042303},
	year={2015},
	publisher={APS}
}
@article{mcclean2016theory,
	title={The theory of variational hybrid quantum-classical algorithms},
	author={McClean, Jarrod R and Romero, Jonathan and Babbush, Ryan and Aspuru-Guzik, Al{\'a}n},
	journal={New Journal of Physics},
	volume={18},
	number={2},
	pages={023023},
	year={2016},
	publisher={IOP Publishing}
}
@article{cerezo2021variational,
	title={Variational quantum algorithms},
	author={Cerezo, Marco and Arrasmith, Andrew and Babbush, Ryan and Benjamin, Simon C and Endo, Suguru and Fujii, Keisuke and McClean, Jarrod R and Mitarai, Kosuke and Yuan, Xiao and Cincio, Lukasz and others},
	journal={Nature Reviews Physics},
	volume={3},
	number={9},
	pages={625--644},
	year={2021},
	publisher={Nature Publishing Group}
}

@article{49725,
	title	= {Power of data in quantum machine learning},
	author	= {Hsin-Yuan (Robert) Huang and Michael Blythe Broughton and Masoud Mohseni and Ryan Babbush and Sergio Boixo and Hartmut Neven and Jarrod Ryan McClean},
	year	= {2021},
	URL	= {https://www.nature.com/articles/s41467-021-22539-9},
	journal	= {Nature Communications},
	pages	= {2631},
	volume	= {12}
}

@article{mitarai2018quantum,
	title={Quantum circuit learning},
	author={Mitarai, Kosuke and Negoro, Makoto and Kitagawa, Masahiro and Fujii, Keisuke},
	journal={Physical Review A},
	volume={98},
	number={3},
	pages={032309},
	year={2018},
	publisher={APS}
}
@misc{farhi2018classification,
	title={Classification with quantum neural networks on near term processors},
	author={Farhi, Edward and Neven, Hartmut},
	Eprint={arXiv:1802.06002},
	year={2018}
}
@article{abbas2021power,
	title={The power of quantum neural networks},
	author={Abbas, Amira and Sutter, David and Zoufal, Christa and Lucchi, Aur{\'e}lien and Figalli, Alessio and Woerner, Stefan},
	journal={Nature Computational Science},
	volume={1},
	number={6},
	pages={403--409},
	year={2021},
	publisher={Nature Publishing Group}
}